%YAML 1.1
%TAG !u! tag:unity3d.com,2011:
--- !u!1 &139408
GameObject:
  m_ObjectHideFlags: 1
  m_PrefabParentObject: {fileID: 0}
  m_PrefabInternal: {fileID: 100100000}
  serializedVersion: 4
  m_Component:
  - 4: {fileID: 439408}
  m_Layer: 0
  m_Name: Bone05
  m_TagString: Untagged
  m_Icon: {fileID: 0}
  m_NavMeshLayer: 0
  m_StaticEditorFlags: 0
  m_IsActive: 1
--- !u!1 &139410
GameObject:
  m_ObjectHideFlags: 1
  m_PrefabParentObject: {fileID: 0}
  m_PrefabInternal: {fileID: 100100000}
  serializedVersion: 4
  m_Component:
  - 4: {fileID: 439410}
  m_Layer: 0
  m_Name: Bone11
  m_TagString: Untagged
  m_Icon: {fileID: 0}
  m_NavMeshLayer: 0
  m_StaticEditorFlags: 0
  m_IsActive: 1
--- !u!1 &139412
GameObject:
  m_ObjectHideFlags: 1
  m_PrefabParentObject: {fileID: 0}
  m_PrefabInternal: {fileID: 100100000}
  serializedVersion: 4
  m_Component:
  - 4: {fileID: 439412}
  m_Layer: 0
  m_Name: Bone16
  m_TagString: Untagged
  m_Icon: {fileID: 0}
  m_NavMeshLayer: 0
  m_StaticEditorFlags: 0
  m_IsActive: 1
--- !u!1 &139414
GameObject:
  m_ObjectHideFlags: 1
  m_PrefabParentObject: {fileID: 0}
  m_PrefabInternal: {fileID: 100100000}
  serializedVersion: 4
  m_Component:
  - 4: {fileID: 439414}
  m_Layer: 0
  m_Name: Bone15
  m_TagString: Untagged
  m_Icon: {fileID: 0}
  m_NavMeshLayer: 0
  m_StaticEditorFlags: 0
  m_IsActive: 1
--- !u!1 &139416
GameObject:
  m_ObjectHideFlags: 0
  m_PrefabParentObject: {fileID: 0}
  m_PrefabInternal: {fileID: 100100000}
  serializedVersion: 4
  m_Component:
  - 4: {fileID: 439416}
  - 137: {fileID: 13739450}
  m_Layer: 0
  m_Name: Plane01
  m_TagString: Untagged
  m_Icon: {fileID: 0}
  m_NavMeshLayer: 0
  m_StaticEditorFlags: 0
  m_IsActive: 1
--- !u!1 &139418
GameObject:
  m_ObjectHideFlags: 1
  m_PrefabParentObject: {fileID: 0}
  m_PrefabInternal: {fileID: 100100000}
  serializedVersion: 4
  m_Component:
  - 4: {fileID: 439418}
  m_Layer: 0
  m_Name: Bone14
  m_TagString: Untagged
  m_Icon: {fileID: 0}
  m_NavMeshLayer: 0
  m_StaticEditorFlags: 0
  m_IsActive: 1
--- !u!1 &139420
GameObject:
  m_ObjectHideFlags: 1
  m_PrefabParentObject: {fileID: 0}
  m_PrefabInternal: {fileID: 100100000}
  serializedVersion: 4
  m_Component:
  - 4: {fileID: 439420}
  m_Layer: 0
  m_Name: Bone17
  m_TagString: Untagged
  m_Icon: {fileID: 0}
  m_NavMeshLayer: 0
  m_StaticEditorFlags: 0
  m_IsActive: 1
--- !u!1 &139422
GameObject:
  m_ObjectHideFlags: 1
  m_PrefabParentObject: {fileID: 0}
  m_PrefabInternal: {fileID: 100100000}
  serializedVersion: 4
  m_Component:
  - 4: {fileID: 439422}
  m_Layer: 0
  m_Name: Bone10_m01
  m_TagString: Untagged
  m_Icon: {fileID: 0}
  m_NavMeshLayer: 0
  m_StaticEditorFlags: 0
  m_IsActive: 1
--- !u!1 &139424
GameObject:
  m_ObjectHideFlags: 1
  m_PrefabParentObject: {fileID: 0}
  m_PrefabInternal: {fileID: 100100000}
  serializedVersion: 4
  m_Component:
  - 4: {fileID: 439424}
  m_Layer: 0
  m_Name: Bone09
  m_TagString: Untagged
  m_Icon: {fileID: 0}
  m_NavMeshLayer: 0
  m_StaticEditorFlags: 0
  m_IsActive: 1
--- !u!1 &139426
GameObject:
  m_ObjectHideFlags: 1
  m_PrefabParentObject: {fileID: 0}
  m_PrefabInternal: {fileID: 100100000}
  serializedVersion: 4
  m_Component:
  - 4: {fileID: 439426}
  m_Layer: 0
  m_Name: Bone10_m
  m_TagString: Untagged
  m_Icon: {fileID: 0}
  m_NavMeshLayer: 0
  m_StaticEditorFlags: 0
  m_IsActive: 1
--- !u!1 &139428
GameObject:
  m_ObjectHideFlags: 1
  m_PrefabParentObject: {fileID: 0}
  m_PrefabInternal: {fileID: 100100000}
  serializedVersion: 4
  m_Component:
  - 4: {fileID: 439428}
  m_Layer: 0
  m_Name: Bone18
  m_TagString: Untagged
  m_Icon: {fileID: 0}
  m_NavMeshLayer: 0
  m_StaticEditorFlags: 0
  m_IsActive: 1
--- !u!1 &139430
GameObject:
  m_ObjectHideFlags: 0
  m_PrefabParentObject: {fileID: 0}
  m_PrefabInternal: {fileID: 100100000}
  serializedVersion: 4
  m_Component:
  - 4: {fileID: 439430}
  m_Layer: 0
  m_Name: Bone01
  m_TagString: Untagged
  m_Icon: {fileID: 0}
  m_NavMeshLayer: 0
  m_StaticEditorFlags: 0
  m_IsActive: 1
--- !u!1 &139432
GameObject:
  m_ObjectHideFlags: 0
  m_PrefabParentObject: {fileID: 0}
  m_PrefabInternal: {fileID: 100100000}
  serializedVersion: 4
  m_Component:
  - 4: {fileID: 439432}
  - 137: {fileID: 13739452}
  m_Layer: 0
  m_Name: Plane02
  m_TagString: Untagged
  m_Icon: {fileID: 0}
  m_NavMeshLayer: 0
  m_StaticEditorFlags: 0
  m_IsActive: 1
--- !u!1 &139434
GameObject:
  m_ObjectHideFlags: 1
  m_PrefabParentObject: {fileID: 0}
  m_PrefabInternal: {fileID: 100100000}
  serializedVersion: 4
  m_Component:
  - 4: {fileID: 439434}
  m_Layer: 0
  m_Name: Bone12
  m_TagString: Untagged
  m_Icon: {fileID: 0}
  m_NavMeshLayer: 0
  m_StaticEditorFlags: 0
  m_IsActive: 1
--- !u!1 &139436
GameObject:
  m_ObjectHideFlags: 1
  m_PrefabParentObject: {fileID: 0}
  m_PrefabInternal: {fileID: 100100000}
  serializedVersion: 4
  m_Component:
  - 4: {fileID: 439436}
  m_Layer: 0
  m_Name: Bone02
  m_TagString: Untagged
  m_Icon: {fileID: 0}
  m_NavMeshLayer: 0
  m_StaticEditorFlags: 0
  m_IsActive: 1
--- !u!1 &139438
GameObject:
  m_ObjectHideFlags: 0
  m_PrefabParentObject: {fileID: 0}
  m_PrefabInternal: {fileID: 100100000}
  serializedVersion: 4
  m_Component:
  - 4: {fileID: 439438}
  - 95: {fileID: 9539452}
  m_Layer: 0
  m_Name: fx_wing_skin_b_ani
  m_TagString: Untagged
  m_Icon: {fileID: 0}
  m_NavMeshLayer: 0
  m_StaticEditorFlags: 0
  m_IsActive: 1
--- !u!1 &139440
GameObject:
  m_ObjectHideFlags: 1
  m_PrefabParentObject: {fileID: 0}
  m_PrefabInternal: {fileID: 100100000}
  serializedVersion: 4
  m_Component:
  - 4: {fileID: 439440}
  m_Layer: 0
  m_Name: Bone13
  m_TagString: Untagged
  m_Icon: {fileID: 0}
  m_NavMeshLayer: 0
  m_StaticEditorFlags: 0
  m_IsActive: 1
--- !u!1 &139442
GameObject:
  m_ObjectHideFlags: 1
  m_PrefabParentObject: {fileID: 0}
  m_PrefabInternal: {fileID: 100100000}
  serializedVersion: 4
  m_Component:
  - 4: {fileID: 439442}
  m_Layer: 0
  m_Name: Bone07
  m_TagString: Untagged
  m_Icon: {fileID: 0}
  m_NavMeshLayer: 0
  m_StaticEditorFlags: 0
  m_IsActive: 1
--- !u!1 &139444
GameObject:
  m_ObjectHideFlags: 1
  m_PrefabParentObject: {fileID: 0}
  m_PrefabInternal: {fileID: 100100000}
  serializedVersion: 4
  m_Component:
  - 4: {fileID: 439444}
  m_Layer: 0
  m_Name: Bone08
  m_TagString: Untagged
  m_Icon: {fileID: 0}
  m_NavMeshLayer: 0
  m_StaticEditorFlags: 0
  m_IsActive: 1
--- !u!1 &139446
GameObject:
  m_ObjectHideFlags: 1
  m_PrefabParentObject: {fileID: 0}
  m_PrefabInternal: {fileID: 100100000}
  serializedVersion: 4
  m_Component:
  - 4: {fileID: 439446}
  m_Layer: 0
  m_Name: Bone03
  m_TagString: Untagged
  m_Icon: {fileID: 0}
  m_NavMeshLayer: 0
  m_StaticEditorFlags: 0
  m_IsActive: 1
--- !u!1 &139448
GameObject:
  m_ObjectHideFlags: 1
  m_PrefabParentObject: {fileID: 0}
  m_PrefabInternal: {fileID: 100100000}
  serializedVersion: 4
  m_Component:
  - 4: {fileID: 439448}
  m_Layer: 0
  m_Name: Bone04
  m_TagString: Untagged
  m_Icon: {fileID: 0}
  m_NavMeshLayer: 0
  m_StaticEditorFlags: 0
  m_IsActive: 1
--- !u!1 &139450
GameObject:
  m_ObjectHideFlags: 0
  m_PrefabParentObject: {fileID: 0}
  m_PrefabInternal: {fileID: 100100000}
  serializedVersion: 4
  m_Component:
  - 4: {fileID: 439450}
  m_Layer: 0
  m_Name: Bone10
  m_TagString: Untagged
  m_Icon: {fileID: 0}
  m_NavMeshLayer: 0
  m_StaticEditorFlags: 0
  m_IsActive: 1
--- !u!1 &139452
GameObject:
  m_ObjectHideFlags: 1
  m_PrefabParentObject: {fileID: 0}
  m_PrefabInternal: {fileID: 100100000}
  serializedVersion: 4
  m_Component:
  - 4: {fileID: 439452}
  m_Layer: 0
  m_Name: Bone06
  m_TagString: Untagged
  m_Icon: {fileID: 0}
  m_NavMeshLayer: 0
  m_StaticEditorFlags: 0
  m_IsActive: 1
--- !u!4 &439408
Transform:
  m_ObjectHideFlags: 1
  m_PrefabParentObject: {fileID: 0}
  m_PrefabInternal: {fileID: 100100000}
  m_GameObject: {fileID: 139408}
  m_LocalRotation: {x: .00575351808, y: .0253393985, z: .00163728569, w: .999661028}
  m_LocalPosition: {x: -.465140522, y: -1.90734859e-08, z: -1.14440915e-07}
  m_LocalScale: {x: 1.00000012, y: 1.00000024, z: 1}
  m_Children:
  - {fileID: 439452}
  m_Father: {fileID: 439448}
  m_RootOrder: 0
--- !u!4 &439410
Transform:
  m_ObjectHideFlags: 1
  m_PrefabParentObject: {fileID: 0}
  m_PrefabInternal: {fileID: 100100000}
  m_GameObject: {fileID: 139410}
  m_LocalRotation: {x: -.00551003497, y: -.0654449016, z: -.0823814273, w: .994434476}
  m_LocalPosition: {x: -.516676366, y: 1.12801786e-07, z: -1.72853465e-08}
  m_LocalScale: {x: 1.00000012, y: 1.00000012, z: 1.00000024}
  m_Children:
  - {fileID: 439434}
  m_Father: {fileID: 439450}
  m_RootOrder: 0
--- !u!4 &439412
Transform:
  m_ObjectHideFlags: 1
  m_PrefabParentObject: {fileID: 0}
  m_PrefabInternal: {fileID: 100100000}
  m_GameObject: {fileID: 139412}
  m_LocalRotation: {x: -.00284230174, y: .0856075138, z: .0224785898, w: .996071279}
  m_LocalPosition: {x: -.433779299, y: -7.24792471e-07, z: -3.81469718e-08}
  m_LocalScale: {x: 1, y: 1, z: 1}
  m_Children:
  - {fileID: 439420}
  m_Father: {fileID: 439414}
  m_RootOrder: 0
--- !u!4 &439414
Transform:
  m_ObjectHideFlags: 1
  m_PrefabParentObject: {fileID: 0}
  m_PrefabInternal: {fileID: 100100000}
  m_GameObject: {fileID: 139414}
  m_LocalRotation: {x: .00280338153, y: .0341412909, z: -.00424219249, w: .999404073}
  m_LocalPosition: {x: -.425484449, y: -1.90734852e-07, z: 9.5367426e-08}
  m_LocalScale: {x: 1, y: 1, z: 1.00000012}
  m_Children:
  - {fileID: 439412}
  m_Father: {fileID: 439418}
  m_RootOrder: 0
--- !u!4 &439416
Transform:
  m_ObjectHideFlags: 1
  m_PrefabParentObject: {fileID: 0}
  m_PrefabInternal: {fileID: 100100000}
  m_GameObject: {fileID: 139416}
  m_LocalRotation: {x: -.707106829, y: 0, z: -0, w: .707106829}
  m_LocalPosition: {x: 0, y: 0, z: 0}
  m_LocalScale: {x: 2.53999996, y: 2.53999996, z: 2.53999996}
  m_Children: []
  m_Father: {fileID: 439438}
  m_RootOrder: 2
--- !u!4 &439418
Transform:
  m_ObjectHideFlags: 1
  m_PrefabParentObject: {fileID: 0}
  m_PrefabInternal: {fileID: 100100000}
  m_GameObject: {fileID: 139418}
  m_LocalRotation: {x: .00508676469, y: .0129487058, z: -.00754205091, w: .999874771}
  m_LocalPosition: {x: -.465140671, y: 0, z: -1.90734859e-08}
  m_LocalScale: {x: 1.00000036, y: 1.00000024, z: .99999994}
  m_Children:
  - {fileID: 439414}
  m_Father: {fileID: 439440}
  m_RootOrder: 0
--- !u!4 &439420
Transform:
  m_ObjectHideFlags: 1
  m_PrefabParentObject: {fileID: 0}
  m_PrefabInternal: {fileID: 100100000}
  m_GameObject: {fileID: 139420}
  m_LocalRotation: {x: .000784759875, y: .0846451223, z: -.0101370011, w: .996359289}
  m_LocalPosition: {x: -.35967499, y: 5.34057619e-07, z: 1.14440915e-07}
  m_LocalScale: {x: .999999821, y: .99999994, z: 1.00000012}
  m_Children:
  - {fileID: 439428}
  m_Father: {fileID: 439412}
  m_RootOrder: 0
--- !u!4 &439422
Transform:
  m_ObjectHideFlags: 1
  m_PrefabParentObject: {fileID: 0}
  m_PrefabInternal: {fileID: 100100000}
  m_GameObject: {fileID: 139422}
  m_LocalRotation: {x: -1.86264537e-09, y: 9.31322686e-10, z: 1.4901163e-08, w: 1}
  m_LocalPosition: {x: -.290857524, y: -7.62939436e-08, z: -1.52587887e-07}
  m_LocalScale: {x: .999999881, y: .999999881, z: .999999881}
  m_Children: []
  m_Father: {fileID: 439428}
  m_RootOrder: 0
--- !u!4 &439424
Transform:
  m_ObjectHideFlags: 1
  m_PrefabParentObject: {fileID: 0}
  m_PrefabInternal: {fileID: 100100000}
  m_GameObject: {fileID: 139424}
  m_LocalRotation: {x: .00177285285, y: .105263837, z: .0106990412, w: .994385183}
  m_LocalPosition: {x: -.349973142, y: 3.81469704e-07, z: 7.62939436e-08}
  m_LocalScale: {x: 1.00000036, y: 1.00000012, z: .99999994}
  m_Children:
  - {fileID: 439426}
  m_Father: {fileID: 439444}
  m_RootOrder: 0
--- !u!4 &439426
Transform:
  m_ObjectHideFlags: 1
  m_PrefabParentObject: {fileID: 0}
  m_PrefabInternal: {fileID: 100100000}
  m_GameObject: {fileID: 139426}
  m_LocalRotation: {x: 3.72528985e-09, y: -9.31322408e-10, z: 1.49011594e-08, w: 1}
  m_LocalPosition: {x: -.290857226, y: 7.62939436e-08, z: 0}
  m_LocalScale: {x: 1.00000012, y: 1.00000012, z: 1.00000012}
  m_Children: []
  m_Father: {fileID: 439424}
  m_RootOrder: 0
--- !u!4 &439428
Transform:
  m_ObjectHideFlags: 1
  m_PrefabParentObject: {fileID: 0}
  m_PrefabInternal: {fileID: 100100000}
  m_GameObject: {fileID: 139428}
  m_LocalRotation: {x: .0028990244, y: .116240732, z: .0159496479, w: .993088782}
  m_LocalPosition: {x: -.349972844, y: 4.57763662e-07, z: -7.62939436e-08}
  m_LocalScale: {x: 1.00000012, y: 1.00000012, z: .999999881}
  m_Children:
  - {fileID: 439422}
  m_Father: {fileID: 439420}
  m_RootOrder: 0
--- !u!4 &439430
Transform:
  m_ObjectHideFlags: 1
  m_PrefabParentObject: {fileID: 0}
  m_PrefabInternal: {fileID: 100100000}
  m_GameObject: {fileID: 139430}
  m_LocalRotation: {x: -.0515790507, y: -.19298631, z: -.0936553106, w: .975358725}
  m_LocalPosition: {x: -.00452840561, y: .00168149464, z: 7.35004627e-11}
  m_LocalScale: {x: 2.53999996, y: 2.53999996, z: 2.53999996}
  m_Children:
  - {fileID: 439436}
  m_Father: {fileID: 439438}
  m_RootOrder: 0
--- !u!4 &439432
Transform:
  m_ObjectHideFlags: 1
  m_PrefabParentObject: {fileID: 0}
  m_PrefabInternal: {fileID: 100100000}
  m_GameObject: {fileID: 139432}
  m_LocalRotation: {x: .978160501, y: 0, z: 0, w: .207851127}
  m_LocalPosition: {x: 0, y: 0, z: 0}
  m_LocalScale: {x: -2.53999996, y: -2.53999996, z: -2.53999996}
  m_Children: []
  m_Father: {fileID: 439438}
  m_RootOrder: 3
--- !u!4 &439434
Transform:
  m_ObjectHideFlags: 1
  m_PrefabParentObject: {fileID: 0}
  m_PrefabInternal: {fileID: 100100000}
  m_GameObject: {fileID: 139434}
  m_LocalRotation: {x: .00501090707, y: -.0410760269, z: -.0101218494, w: .999092221}
  m_LocalPosition: {x: -.484192699, y: -1.90734859e-08, z: 9.53674295e-09}
  m_LocalScale: {x: 1, y: 1, z: 1}
  m_Children:
  - {fileID: 439440}
  m_Father: {fileID: 439410}
  m_RootOrder: 0
--- !u!4 &439436
Transform:
  m_ObjectHideFlags: 1
  m_PrefabParentObject: {fileID: 0}
  m_PrefabInternal: {fileID: 100100000}
  m_GameObject: {fileID: 139436}
  m_LocalRotation: {x: -.00762064569, y: -.0914403573, z: -.072720632, w: .993122518}
  m_LocalPosition: {x: -.516676366, y: 1.25803055e-07, z: 4.09781942e-09}
  m_LocalScale: {x: 1, y: .999999881, z: .99999994}
  m_Children:
  - {fileID: 439446}
  m_Father: {fileID: 439430}
  m_RootOrder: 0
--- !u!4 &439438
Transform:
  m_ObjectHideFlags: 1
  m_PrefabParentObject: {fileID: 0}
  m_PrefabInternal: {fileID: 100100000}
  m_GameObject: {fileID: 139438}
  m_LocalRotation: {x: 0, y: 0, z: 0, w: 1}
  m_LocalPosition: {x: -20.1000004, y: 0, z: -19.6000004}
  m_LocalScale: {x: 1, y: 1, z: 1}
  m_Children:
  - {fileID: 439430}
  - {fileID: 439450}
  - {fileID: 439416}
  - {fileID: 439432}
  m_Father: {fileID: 0}
  m_RootOrder: 0
--- !u!4 &439440
Transform:
  m_ObjectHideFlags: 1
  m_PrefabParentObject: {fileID: 0}
  m_PrefabInternal: {fileID: 100100000}
  m_GameObject: {fileID: 139440}
  m_LocalRotation: {x: .00603444409, y: -.00239567785, z: -.00384997204, w: .999971509}
  m_LocalPosition: {x: -.461346805, y: 1.52587887e-07, z: 0}
  m_LocalScale: {x: .999999821, y: .999999702, z: 1}
  m_Children:
  - {fileID: 439418}
  m_Father: {fileID: 439434}
  m_RootOrder: 0
--- !u!4 &439442
Transform:
  m_ObjectHideFlags: 1
  m_PrefabParentObject: {fileID: 0}
  m_PrefabInternal: {fileID: 100100000}
  m_GameObject: {fileID: 139442}
  m_LocalRotation: {x: .00418743072, y: .0760511905, z: .00553375529, w: .99707979}
  m_LocalPosition: {x: -.433779448, y: -7.62939408e-07, z: 7.62939436e-08}
  m_LocalScale: {x: 1.00000012, y: 1, z: 1}
  m_Children:
  - {fileID: 439444}
  m_Father: {fileID: 439452}
  m_RootOrder: 0
--- !u!4 &439444
Transform:
  m_ObjectHideFlags: 1
  m_PrefabParentObject: {fileID: 0}
  m_PrefabInternal: {fileID: 100100000}
  m_GameObject: {fileID: 139444}
  m_LocalRotation: {x: .00121617946, y: .0964118093, z: -.00301769841, w: .995336235}
  m_LocalPosition: {x: -.35967499, y: 5.34057619e-07, z: 3.81469718e-08}
  m_LocalScale: {x: .999999762, y: .999999881, z: 1.00000012}
  m_Children:
  - {fileID: 439424}
  m_Father: {fileID: 439442}
  m_RootOrder: 0
--- !u!4 &439446
Transform:
  m_ObjectHideFlags: 1
  m_PrefabParentObject: {fileID: 0}
  m_PrefabInternal: {fileID: 100100000}
  m_GameObject: {fileID: 139446}
  m_LocalRotation: {x: .00800260808, y: -.0472456329, z: -.00713518588, w: .998825788}
  m_LocalPosition: {x: -.48419261, y: -3.33786012e-08, z: 0}
  m_LocalScale: {x: .99999994, y: .999999702, z: .999999821}
  m_Children:
  - {fileID: 439448}
  m_Father: {fileID: 439436}
  m_RootOrder: 0
--- !u!4 &439448
Transform:
  m_ObjectHideFlags: 1
  m_PrefabParentObject: {fileID: 0}
  m_PrefabInternal: {fileID: 100100000}
  m_GameObject: {fileID: 139448}
  m_LocalRotation: {x: .00780792814, y: -.0101588704, z: -.0166078135, w: .999779999}
  m_LocalPosition: {x: -.461346895, y: 1.14440915e-07, z: 3.81469718e-08}
  m_LocalScale: {x: .999999702, y: .999999523, z: .999999762}
  m_Children:
  - {fileID: 439408}
  m_Father: {fileID: 439446}
  m_RootOrder: 0
--- !u!4 &439450
Transform:
  m_ObjectHideFlags: 1
  m_PrefabParentObject: {fileID: 0}
  m_PrefabInternal: {fileID: 100100000}
  m_GameObject: {fileID: 139450}
  m_LocalRotation: {x: -.962300658, y: -.0747906715, z: .259030849, w: -.035871841}
  m_LocalPosition: {x: -.00452840561, y: .00168149464, z: 7.35004627e-11}
  m_LocalScale: {x: -2.53999972, y: -2.53999949, z: -2.53999996}
  m_Children:
  - {fileID: 439410}
  m_Father: {fileID: 439438}
  m_RootOrder: 1
--- !u!4 &439452
Transform:
  m_ObjectHideFlags: 1
  m_PrefabParentObject: {fileID: 0}
  m_PrefabInternal: {fileID: 100100000}
  m_GameObject: {fileID: 139452}
  m_LocalRotation: {x: .00596506521, y: .0442121401, z: -.00501720561, w: .998991787}
  m_LocalPosition: {x: -.425484776, y: -1.90734852e-07, z: -2.86102289e-08}
  m_LocalScale: {x: 1, y: 1.00000012, z: 1.00000012}
  m_Children:
  - {fileID: 439442}
  m_Father: {fileID: 439408}
  m_RootOrder: 0
--- !u!95 &9539452
Animator:
  serializedVersion: 3
  m_ObjectHideFlags: 1
  m_PrefabParentObject: {fileID: 0}
  m_PrefabInternal: {fileID: 100100000}
  m_GameObject: {fileID: 139438}
  m_Enabled: 1
  m_Avatar: {fileID: 9000000, guid: 9cfb0bd07becd8140bdba020b05165c0, type: 3}
  m_Controller: {fileID: 9100000, guid: cbadb83e24d966245a35f121b416cba7, type: 2}
  m_CullingMode: 1
  m_UpdateMode: 0
  m_ApplyRootMotion: 1
  m_HasTransformHierarchy: 1
  m_AllowConstantClipSamplingOptimization: 1
--- !u!137 &13739450
SkinnedMeshRenderer:
  m_ObjectHideFlags: 1
  m_PrefabParentObject: {fileID: 0}
  m_PrefabInternal: {fileID: 100100000}
  m_GameObject: {fileID: 139416}
  m_Enabled: 1
  m_CastShadows: 1
  m_ReceiveShadows: 1
  m_LightmapIndex: 255
  m_LightmapTilingOffset: {x: 1, y: 1, z: 0, w: 0}
  m_Materials:
  - {fileID: 2100000, guid: 2a04ada4f1a7a724b9db2271300b2865, type: 2}
  m_SubsetIndices: 
  m_StaticBatchRoot: {fileID: 0}
  m_UseLightProbes: 0
  m_LightProbeAnchor: {fileID: 0}
  m_ScaleInLightmap: 1
  m_SortingLayerID: 0
  m_SortingOrder: 0
  serializedVersion: 2
  m_Quality: 0
  m_UpdateWhenOffscreen: 0
  m_Mesh: {fileID: 4300000, guid: 9cfb0bd07becd8140bdba020b05165c0, type: 3}
  m_Bones:
  - {fileID: 439430}
  - {fileID: 439436}
  - {fileID: 439446}
  - {fileID: 439448}
  - {fileID: 439408}
  - {fileID: 439452}
  - {fileID: 439442}
  - {fileID: 439444}
  - {fileID: 439424}
  m_BlendShapeWeights: []
  m_RootBone: {fileID: 439430}
  m_AABB:
    m_Center: {x: -2.32701898, y: .132272601, z: -.689302921}
    m_Extent: {x: 2.33598971, y: 1.54938531, z: 1.08733666}
  m_DirtyAABB: 0
--- !u!137 &13739452
SkinnedMeshRenderer:
  m_ObjectHideFlags: 1
  m_PrefabParentObject: {fileID: 0}
  m_PrefabInternal: {fileID: 100100000}
  m_GameObject: {fileID: 139432}
  m_Enabled: 1
  m_CastShadows: 1
  m_ReceiveShadows: 1
  m_LightmapIndex: 255
  m_LightmapTilingOffset: {x: 1, y: 1, z: 0, w: 0}
  m_Materials:
  - {fileID: 2100000, guid: 2a04ada4f1a7a724b9db2271300b2865, type: 2}
  m_SubsetIndices: 
  m_StaticBatchRoot: {fileID: 0}
  m_UseLightProbes: 0
  m_LightProbeAnchor: {fileID: 0}
  m_ScaleInLightmap: 1
  m_SortingLayerID: 0
  m_SortingOrder: 0
  serializedVersion: 2
  m_Quality: 0
  m_UpdateWhenOffscreen: 0
  m_Mesh: {fileID: 4300002, guid: 9cfb0bd07becd8140bdba020b05165c0, type: 3}
  m_Bones:
  - {fileID: 439450}
  - {fileID: 439410}
  - {fileID: 439434}
  - {fileID: 439440}
  - {fileID: 439418}
  - {fileID: 439414}
  - {fileID: 439412}
  - {fileID: 439420}
  - {fileID: 439428}
  m_BlendShapeWeights: []
  m_RootBone: {fileID: 439450}
  m_AABB:
    m_Center: {x: -2.3456049, y: .139079869, z: -.556213379}
    m_Extent: {x: 2.3510294, y: 1.552701, z: 1.00484574}
  m_DirtyAABB: 0
--- !u!1001 &100100000
Prefab:
  m_ObjectHideFlags: 1
  serializedVersion: 2
  m_Modification:
    m_TransformParent: {fileID: 0}
    m_Modifications: []
    m_RemovedComponents: []
  m_ParentPrefab: {fileID: 0}
  m_RootGameObject: {fileID: 139438}
  m_IsPrefabParent: 1
  m_IsExploded: 1
