%YAML 1.1
%TAG !u! tag:unity3d.com,2011:
--- !u!1 &103110
GameObject:
  m_ObjectHideFlags: 1
  m_PrefabParentObject: {fileID: 0}
  m_PrefabInternal: {fileID: 100100000}
  serializedVersion: 4
  m_Component:
  - 4: {fileID: 403110}
  m_Layer: 0
  m_Name: Bone05
  m_TagString: Untagged
  m_Icon: {fileID: 0}
  m_NavMeshLayer: 0
  m_StaticEditorFlags: 0
  m_IsActive: 1
--- !u!1 &103112
GameObject:
  m_ObjectHideFlags: 1
  m_PrefabParentObject: {fileID: 0}
  m_PrefabInternal: {fileID: 100100000}
  serializedVersion: 4
  m_Component:
  - 4: {fileID: 403112}
  m_Layer: 0
  m_Name: Bone07
  m_TagString: Untagged
  m_Icon: {fileID: 0}
  m_NavMeshLayer: 0
  m_StaticEditorFlags: 0
  m_IsActive: 1
--- !u!1 &103114
GameObject:
  m_ObjectHideFlags: 1
  m_PrefabParentObject: {fileID: 0}
  m_PrefabInternal: {fileID: 100100000}
  serializedVersion: 4
  m_Component:
  - 4: {fileID: 403114}
  m_Layer: 0
  m_Name: Bone10_m
  m_TagString: Untagged
  m_Icon: {fileID: 0}
  m_NavMeshLayer: 0
  m_StaticEditorFlags: 0
  m_IsActive: 1
--- !u!1 &103116
GameObject:
  m_ObjectHideFlags: 1
  m_PrefabParentObject: {fileID: 0}
  m_PrefabInternal: {fileID: 100100000}
  serializedVersion: 4
  m_Component:
  - 4: {fileID: 403116}
  m_Layer: 0
  m_Name: Bone17
  m_TagString: Untagged
  m_Icon: {fileID: 0}
  m_NavMeshLayer: 0
  m_StaticEditorFlags: 0
  m_IsActive: 1
--- !u!1 &103118
GameObject:
  m_ObjectHideFlags: 1
  m_PrefabParentObject: {fileID: 0}
  m_PrefabInternal: {fileID: 100100000}
  serializedVersion: 4
  m_Component:
  - 4: {fileID: 403118}
  m_Layer: 0
  m_Name: Bone08
  m_TagString: Untagged
  m_Icon: {fileID: 0}
  m_NavMeshLayer: 0
  m_StaticEditorFlags: 0
  m_IsActive: 1
--- !u!1 &103120
GameObject:
  m_ObjectHideFlags: 0
  m_PrefabParentObject: {fileID: 0}
  m_PrefabInternal: {fileID: 100100000}
  serializedVersion: 4
  m_Component:
  - 4: {fileID: 403120}
  - 95: {fileID: 9503110}
  m_Layer: 0
  m_Name: fx_wing_skin_b
  m_TagString: Untagged
  m_Icon: {fileID: 0}
  m_NavMeshLayer: 0
  m_StaticEditorFlags: 0
  m_IsActive: 1
--- !u!1 &103122
GameObject:
  m_ObjectHideFlags: 0
  m_PrefabParentObject: {fileID: 0}
  m_PrefabInternal: {fileID: 100100000}
  serializedVersion: 4
  m_Component:
  - 4: {fileID: 403122}
  m_Layer: 0
  m_Name: Bone10
  m_TagString: Untagged
  m_Icon: {fileID: 0}
  m_NavMeshLayer: 0
  m_StaticEditorFlags: 0
  m_IsActive: 1
--- !u!1 &103124
GameObject:
  m_ObjectHideFlags: 1
  m_PrefabParentObject: {fileID: 0}
  m_PrefabInternal: {fileID: 100100000}
  serializedVersion: 4
  m_Component:
  - 4: {fileID: 403124}
  m_Layer: 0
  m_Name: Bone09
  m_TagString: Untagged
  m_Icon: {fileID: 0}
  m_NavMeshLayer: 0
  m_StaticEditorFlags: 0
  m_IsActive: 1
--- !u!1 &103126
GameObject:
  m_ObjectHideFlags: 1
  m_PrefabParentObject: {fileID: 0}
  m_PrefabInternal: {fileID: 100100000}
  serializedVersion: 4
  m_Component:
  - 4: {fileID: 403126}
  m_Layer: 0
  m_Name: Bone03
  m_TagString: Untagged
  m_Icon: {fileID: 0}
  m_NavMeshLayer: 0
  m_StaticEditorFlags: 0
  m_IsActive: 1
--- !u!1 &103128
GameObject:
  m_ObjectHideFlags: 1
  m_PrefabParentObject: {fileID: 0}
  m_PrefabInternal: {fileID: 100100000}
  serializedVersion: 4
  m_Component:
  - 4: {fileID: 403128}
  m_Layer: 0
  m_Name: Bone15
  m_TagString: Untagged
  m_Icon: {fileID: 0}
  m_NavMeshLayer: 0
  m_StaticEditorFlags: 0
  m_IsActive: 1
--- !u!1 &103130
GameObject:
  m_ObjectHideFlags: 1
  m_PrefabParentObject: {fileID: 0}
  m_PrefabInternal: {fileID: 100100000}
  serializedVersion: 4
  m_Component:
  - 4: {fileID: 403130}
  m_Layer: 0
  m_Name: Bone12
  m_TagString: Untagged
  m_Icon: {fileID: 0}
  m_NavMeshLayer: 0
  m_StaticEditorFlags: 0
  m_IsActive: 1
--- !u!1 &103132
GameObject:
  m_ObjectHideFlags: 1
  m_PrefabParentObject: {fileID: 0}
  m_PrefabInternal: {fileID: 100100000}
  serializedVersion: 4
  m_Component:
  - 4: {fileID: 403132}
  m_Layer: 0
  m_Name: Bone06
  m_TagString: Untagged
  m_Icon: {fileID: 0}
  m_NavMeshLayer: 0
  m_StaticEditorFlags: 0
  m_IsActive: 1
--- !u!1 &103134
GameObject:
  m_ObjectHideFlags: 1
  m_PrefabParentObject: {fileID: 0}
  m_PrefabInternal: {fileID: 100100000}
  serializedVersion: 4
  m_Component:
  - 4: {fileID: 403134}
  m_Layer: 0
  m_Name: Bone14
  m_TagString: Untagged
  m_Icon: {fileID: 0}
  m_NavMeshLayer: 0
  m_StaticEditorFlags: 0
  m_IsActive: 1
--- !u!1 &103136
GameObject:
  m_ObjectHideFlags: 1
  m_PrefabParentObject: {fileID: 0}
  m_PrefabInternal: {fileID: 100100000}
  serializedVersion: 4
  m_Component:
  - 4: {fileID: 403136}
  m_Layer: 0
  m_Name: Bone11
  m_TagString: Untagged
  m_Icon: {fileID: 0}
  m_NavMeshLayer: 0
  m_StaticEditorFlags: 0
  m_IsActive: 1
--- !u!1 &103138
GameObject:
  m_ObjectHideFlags: 0
  m_PrefabParentObject: {fileID: 0}
  m_PrefabInternal: {fileID: 100100000}
  serializedVersion: 4
  m_Component:
  - 4: {fileID: 403138}
  - 137: {fileID: 13703110}
  m_Layer: 0
  m_Name: Plane01
  m_TagString: Untagged
  m_Icon: {fileID: 0}
  m_NavMeshLayer: 0
  m_StaticEditorFlags: 0
  m_IsActive: 1
--- !u!1 &103140
GameObject:
  m_ObjectHideFlags: 1
  m_PrefabParentObject: {fileID: 0}
  m_PrefabInternal: {fileID: 100100000}
  serializedVersion: 4
  m_Component:
  - 4: {fileID: 403140}
  m_Layer: 0
  m_Name: Bone04
  m_TagString: Untagged
  m_Icon: {fileID: 0}
  m_NavMeshLayer: 0
  m_StaticEditorFlags: 0
  m_IsActive: 1
--- !u!1 &103142
GameObject:
  m_ObjectHideFlags: 1
  m_PrefabParentObject: {fileID: 0}
  m_PrefabInternal: {fileID: 100100000}
  serializedVersion: 4
  m_Component:
  - 4: {fileID: 403142}
  m_Layer: 0
  m_Name: Bone10_m01
  m_TagString: Untagged
  m_Icon: {fileID: 0}
  m_NavMeshLayer: 0
  m_StaticEditorFlags: 0
  m_IsActive: 1
--- !u!1 &103144
GameObject:
  m_ObjectHideFlags: 1
  m_PrefabParentObject: {fileID: 0}
  m_PrefabInternal: {fileID: 100100000}
  serializedVersion: 4
  m_Component:
  - 4: {fileID: 403144}
  m_Layer: 0
  m_Name: Bone16
  m_TagString: Untagged
  m_Icon: {fileID: 0}
  m_NavMeshLayer: 0
  m_StaticEditorFlags: 0
  m_IsActive: 1
--- !u!1 &103146
GameObject:
  m_ObjectHideFlags: 0
  m_PrefabParentObject: {fileID: 0}
  m_PrefabInternal: {fileID: 100100000}
  serializedVersion: 4
  m_Component:
  - 4: {fileID: 403146}
  m_Layer: 0
  m_Name: Bone01
  m_TagString: Untagged
  m_Icon: {fileID: 0}
  m_NavMeshLayer: 0
  m_StaticEditorFlags: 0
  m_IsActive: 1
--- !u!1 &103148
GameObject:
  m_ObjectHideFlags: 1
  m_PrefabParentObject: {fileID: 0}
  m_PrefabInternal: {fileID: 100100000}
  serializedVersion: 4
  m_Component:
  - 4: {fileID: 403148}
  m_Layer: 0
  m_Name: Bone02
  m_TagString: Untagged
  m_Icon: {fileID: 0}
  m_NavMeshLayer: 0
  m_StaticEditorFlags: 0
  m_IsActive: 1
--- !u!1 &103150
GameObject:
  m_ObjectHideFlags: 1
  m_PrefabParentObject: {fileID: 0}
  m_PrefabInternal: {fileID: 100100000}
  serializedVersion: 4
  m_Component:
  - 4: {fileID: 403150}
  m_Layer: 0
  m_Name: Bone18
  m_TagString: Untagged
  m_Icon: {fileID: 0}
  m_NavMeshLayer: 0
  m_StaticEditorFlags: 0
  m_IsActive: 1
--- !u!1 &103152
GameObject:
  m_ObjectHideFlags: 0
  m_PrefabParentObject: {fileID: 0}
  m_PrefabInternal: {fileID: 100100000}
  serializedVersion: 4
  m_Component:
  - 4: {fileID: 403152}
  - 137: {fileID: 13703112}
  m_Layer: 0
  m_Name: Plane02
  m_TagString: Untagged
  m_Icon: {fileID: 0}
  m_NavMeshLayer: 0
  m_StaticEditorFlags: 0
  m_IsActive: 1
--- !u!1 &103154
GameObject:
  m_ObjectHideFlags: 1
  m_PrefabParentObject: {fileID: 0}
  m_PrefabInternal: {fileID: 100100000}
  serializedVersion: 4
  m_Component:
  - 4: {fileID: 403154}
  m_Layer: 0
  m_Name: Bone13
  m_TagString: Untagged
  m_Icon: {fileID: 0}
  m_NavMeshLayer: 0
  m_StaticEditorFlags: 0
  m_IsActive: 1
--- !u!4 &403110
Transform:
  m_ObjectHideFlags: 1
  m_PrefabParentObject: {fileID: 0}
  m_PrefabInternal: {fileID: 100100000}
  m_GameObject: {fileID: 103110}
  m_LocalRotation: {x: .00575351808, y: .0253393985, z: .00163728569, w: .999661028}
  m_LocalPosition: {x: -.465140522, y: -1.90734859e-08, z: -1.14440915e-07}
  m_LocalScale: {x: 1.00000012, y: 1.00000024, z: 1}
  m_Children:
  - {fileID: 403132}
  m_Father: {fileID: 403140}
  m_RootOrder: 0
--- !u!4 &403112
Transform:
  m_ObjectHideFlags: 1
  m_PrefabParentObject: {fileID: 0}
  m_PrefabInternal: {fileID: 100100000}
  m_GameObject: {fileID: 103112}
  m_LocalRotation: {x: .00418743072, y: .0760511905, z: .00553375529, w: .99707979}
  m_LocalPosition: {x: -.433779448, y: -7.62939408e-07, z: 7.62939436e-08}
  m_LocalScale: {x: 1.00000012, y: 1, z: 1}
  m_Children:
  - {fileID: 403118}
  m_Father: {fileID: 403132}
  m_RootOrder: 0
--- !u!4 &403114
Transform:
  m_ObjectHideFlags: 1
  m_PrefabParentObject: {fileID: 0}
  m_PrefabInternal: {fileID: 100100000}
  m_GameObject: {fileID: 103114}
  m_LocalRotation: {x: 3.72528985e-09, y: -9.31322408e-10, z: 1.49011594e-08, w: 1}
  m_LocalPosition: {x: -.290857226, y: 7.62939436e-08, z: 0}
  m_LocalScale: {x: 1.00000012, y: 1.00000012, z: 1.00000012}
  m_Children: []
  m_Father: {fileID: 403124}
  m_RootOrder: 0
--- !u!4 &403116
Transform:
  m_ObjectHideFlags: 1
  m_PrefabParentObject: {fileID: 0}
  m_PrefabInternal: {fileID: 100100000}
  m_GameObject: {fileID: 103116}
  m_LocalRotation: {x: .000784759875, y: .0846451223, z: -.0101370011, w: .996359289}
  m_LocalPosition: {x: -.35967499, y: 5.34057619e-07, z: 1.14440915e-07}
  m_LocalScale: {x: .999999821, y: .99999994, z: 1.00000012}
  m_Children:
  - {fileID: 403150}
  m_Father: {fileID: 403144}
  m_RootOrder: 0
--- !u!4 &403118
Transform:
  m_ObjectHideFlags: 1
  m_PrefabParentObject: {fileID: 0}
  m_PrefabInternal: {fileID: 100100000}
  m_GameObject: {fileID: 103118}
  m_LocalRotation: {x: .00121617946, y: .0964118093, z: -.00301769841, w: .995336235}
  m_LocalPosition: {x: -.35967499, y: 5.34057619e-07, z: 3.81469718e-08}
  m_LocalScale: {x: .999999762, y: .999999881, z: 1.00000012}
  m_Children:
  - {fileID: 403124}
  m_Father: {fileID: 403112}
  m_RootOrder: 0
--- !u!4 &403120
Transform:
  m_ObjectHideFlags: 1
  m_PrefabParentObject: {fileID: 0}
  m_PrefabInternal: {fileID: 100100000}
  m_GameObject: {fileID: 103120}
  m_LocalRotation: {x: 0, y: 0, z: 0, w: 1}
  m_LocalPosition: {x: -10.0900002, y: -.419999987, z: 0}
  m_LocalScale: {x: 1, y: 1, z: 1}
  m_Children:
  - {fileID: 403146}
  - {fileID: 403122}
  - {fileID: 403138}
  - {fileID: 403152}
  m_Father: {fileID: 0}
  m_RootOrder: 0
--- !u!4 &403122
Transform:
  m_ObjectHideFlags: 1
  m_PrefabParentObject: {fileID: 0}
  m_PrefabInternal: {fileID: 100100000}
  m_GameObject: {fileID: 103122}
  m_LocalRotation: {x: -.962300658, y: -.0747906715, z: .259030849, w: -.035871841}
  m_LocalPosition: {x: -.00452840561, y: .00168149464, z: 7.35004627e-11}
  m_LocalScale: {x: -2.53999972, y: -2.53999949, z: -2.53999996}
  m_Children:
  - {fileID: 403136}
  m_Father: {fileID: 403120}
  m_RootOrder: 1
--- !u!4 &403124
Transform:
  m_ObjectHideFlags: 1
  m_PrefabParentObject: {fileID: 0}
  m_PrefabInternal: {fileID: 100100000}
  m_GameObject: {fileID: 103124}
  m_LocalRotation: {x: .00177285285, y: .105263837, z: .0106990412, w: .994385183}
  m_LocalPosition: {x: -.349973142, y: 3.81469704e-07, z: 7.62939436e-08}
  m_LocalScale: {x: 1.00000036, y: 1.00000012, z: .99999994}
  m_Children:
  - {fileID: 403114}
  m_Father: {fileID: 403118}
  m_RootOrder: 0
--- !u!4 &403126
Transform:
  m_ObjectHideFlags: 1
  m_PrefabParentObject: {fileID: 0}
  m_PrefabInternal: {fileID: 100100000}
  m_GameObject: {fileID: 103126}
  m_LocalRotation: {x: .00800260808, y: -.0472456329, z: -.00713518588, w: .998825788}
  m_LocalPosition: {x: -.48419261, y: -3.33786012e-08, z: 0}
  m_LocalScale: {x: .99999994, y: .999999702, z: .999999821}
  m_Children:
  - {fileID: 403140}
  m_Father: {fileID: 403148}
  m_RootOrder: 0
--- !u!4 &403128
Transform:
  m_ObjectHideFlags: 1
  m_PrefabParentObject: {fileID: 0}
  m_PrefabInternal: {fileID: 100100000}
  m_GameObject: {fileID: 103128}
  m_LocalRotation: {x: .00280338153, y: .0341412909, z: -.00424219249, w: .999404073}
  m_LocalPosition: {x: -.425484449, y: -1.90734852e-07, z: 9.5367426e-08}
  m_LocalScale: {x: 1, y: 1, z: 1.00000012}
  m_Children:
  - {fileID: 403144}
  m_Father: {fileID: 403134}
  m_RootOrder: 0
--- !u!4 &403130
Transform:
  m_ObjectHideFlags: 1
  m_PrefabParentObject: {fileID: 0}
  m_PrefabInternal: {fileID: 100100000}
  m_GameObject: {fileID: 103130}
  m_LocalRotation: {x: .00501090707, y: -.0410760269, z: -.0101218494, w: .999092221}
  m_LocalPosition: {x: -.484192699, y: -1.90734859e-08, z: 9.53674295e-09}
  m_LocalScale: {x: 1, y: 1, z: 1}
  m_Children:
  - {fileID: 403154}
  m_Father: {fileID: 403136}
  m_RootOrder: 0
--- !u!4 &403132
Transform:
  m_ObjectHideFlags: 1
  m_PrefabParentObject: {fileID: 0}
  m_PrefabInternal: {fileID: 100100000}
  m_GameObject: {fileID: 103132}
  m_LocalRotation: {x: .00596506521, y: .0442121401, z: -.00501720561, w: .998991787}
  m_LocalPosition: {x: -.425484776, y: -1.90734852e-07, z: -2.86102289e-08}
  m_LocalScale: {x: 1, y: 1.00000012, z: 1.00000012}
  m_Children:
  - {fileID: 403112}
  m_Father: {fileID: 403110}
  m_RootOrder: 0
--- !u!4 &403134
Transform:
  m_ObjectHideFlags: 1
  m_PrefabParentObject: {fileID: 0}
  m_PrefabInternal: {fileID: 100100000}
  m_GameObject: {fileID: 103134}
  m_LocalRotation: {x: .00508676469, y: .0129487058, z: -.00754205091, w: .999874771}
  m_LocalPosition: {x: -.465140671, y: 0, z: -1.90734859e-08}
  m_LocalScale: {x: 1.00000036, y: 1.00000024, z: .99999994}
  m_Children:
  - {fileID: 403128}
  m_Father: {fileID: 403154}
  m_RootOrder: 0
--- !u!4 &403136
Transform:
  m_ObjectHideFlags: 1
  m_PrefabParentObject: {fileID: 0}
  m_PrefabInternal: {fileID: 100100000}
  m_GameObject: {fileID: 103136}
  m_LocalRotation: {x: -.00551003497, y: -.0654449016, z: -.0823814273, w: .994434476}
  m_LocalPosition: {x: -.516676366, y: 1.12801786e-07, z: -1.72853465e-08}
  m_LocalScale: {x: 1.00000012, y: 1.00000012, z: 1.00000024}
  m_Children:
  - {fileID: 403130}
  m_Father: {fileID: 403122}
  m_RootOrder: 0
--- !u!4 &403138
Transform:
  m_ObjectHideFlags: 1
  m_PrefabParentObject: {fileID: 0}
  m_PrefabInternal: {fileID: 100100000}
  m_GameObject: {fileID: 103138}
  m_LocalRotation: {x: -.707106829, y: 0, z: -0, w: .707106829}
  m_LocalPosition: {x: 0, y: 0, z: 0}
  m_LocalScale: {x: 2.53999996, y: 2.53999996, z: 2.53999996}
  m_Children: []
  m_Father: {fileID: 403120}
  m_RootOrder: 2
--- !u!4 &403140
Transform:
  m_ObjectHideFlags: 1
  m_PrefabParentObject: {fileID: 0}
  m_PrefabInternal: {fileID: 100100000}
  m_GameObject: {fileID: 103140}
  m_LocalRotation: {x: .00780792814, y: -.0101588704, z: -.0166078135, w: .999779999}
  m_LocalPosition: {x: -.461346895, y: 1.14440915e-07, z: 3.81469718e-08}
  m_LocalScale: {x: .999999702, y: .999999523, z: .999999762}
  m_Children:
  - {fileID: 403110}
  m_Father: {fileID: 403126}
  m_RootOrder: 0
--- !u!4 &403142
Transform:
  m_ObjectHideFlags: 1
  m_PrefabParentObject: {fileID: 0}
  m_PrefabInternal: {fileID: 100100000}
  m_GameObject: {fileID: 103142}
  m_LocalRotation: {x: -1.86264537e-09, y: 9.31322686e-10, z: 1.4901163e-08, w: 1}
  m_LocalPosition: {x: -.290857524, y: -7.62939436e-08, z: -1.52587887e-07}
  m_LocalScale: {x: .999999881, y: .999999881, z: .999999881}
  m_Children: []
  m_Father: {fileID: 403150}
  m_RootOrder: 0
--- !u!4 &403144
Transform:
  m_ObjectHideFlags: 1
  m_PrefabParentObject: {fileID: 0}
  m_PrefabInternal: {fileID: 100100000}
  m_GameObject: {fileID: 103144}
  m_LocalRotation: {x: -.00284230174, y: .0856075138, z: .0224785898, w: .996071279}
  m_LocalPosition: {x: -.433779299, y: -7.24792471e-07, z: -3.81469718e-08}
  m_LocalScale: {x: 1, y: 1, z: 1}
  m_Children:
  - {fileID: 403116}
  m_Father: {fileID: 403128}
  m_RootOrder: 0
--- !u!4 &403146
Transform:
  m_ObjectHideFlags: 1
  m_PrefabParentObject: {fileID: 0}
  m_PrefabInternal: {fileID: 100100000}
  m_GameObject: {fileID: 103146}
  m_LocalRotation: {x: -.0515790507, y: -.19298631, z: -.0936553106, w: .975358725}
  m_LocalPosition: {x: -.00452840561, y: .00168149464, z: 7.35004627e-11}
  m_LocalScale: {x: 2.53999996, y: 2.53999996, z: 2.53999996}
  m_Children:
  - {fileID: 403148}
  m_Father: {fileID: 403120}
  m_RootOrder: 0
--- !u!4 &403148
Transform:
  m_ObjectHideFlags: 1
  m_PrefabParentObject: {fileID: 0}
  m_PrefabInternal: {fileID: 100100000}
  m_GameObject: {fileID: 103148}
  m_LocalRotation: {x: -.00762064569, y: -.0914403573, z: -.072720632, w: .993122518}
  m_LocalPosition: {x: -.516676366, y: 1.25803055e-07, z: 4.09781942e-09}
  m_LocalScale: {x: 1, y: .999999881, z: .99999994}
  m_Children:
  - {fileID: 403126}
  m_Father: {fileID: 403146}
  m_RootOrder: 0
--- !u!4 &403150
Transform:
  m_ObjectHideFlags: 1
  m_PrefabParentObject: {fileID: 0}
  m_PrefabInternal: {fileID: 100100000}
  m_GameObject: {fileID: 103150}
  m_LocalRotation: {x: .0028990244, y: .116240732, z: .0159496479, w: .993088782}
  m_LocalPosition: {x: -.349972844, y: 4.57763662e-07, z: -7.62939436e-08}
  m_LocalScale: {x: 1.00000012, y: 1.00000012, z: .999999881}
  m_Children:
  - {fileID: 403142}
  m_Father: {fileID: 403116}
  m_RootOrder: 0
--- !u!4 &403152
Transform:
  m_ObjectHideFlags: 1
  m_PrefabParentObject: {fileID: 0}
  m_PrefabInternal: {fileID: 100100000}
  m_GameObject: {fileID: 103152}
  m_LocalRotation: {x: .978160501, y: 0, z: 0, w: .207851127}
  m_LocalPosition: {x: 0, y: 0, z: 0}
  m_LocalScale: {x: -2.53999996, y: -2.53999996, z: -2.53999996}
  m_Children: []
  m_Father: {fileID: 403120}
  m_RootOrder: 3
--- !u!4 &403154
Transform:
  m_ObjectHideFlags: 1
  m_PrefabParentObject: {fileID: 0}
  m_PrefabInternal: {fileID: 100100000}
  m_GameObject: {fileID: 103154}
  m_LocalRotation: {x: .00603444409, y: -.00239567785, z: -.00384997204, w: .999971509}
  m_LocalPosition: {x: -.461346805, y: 1.52587887e-07, z: 0}
  m_LocalScale: {x: .999999821, y: .999999702, z: 1}
  m_Children:
  - {fileID: 403134}
  m_Father: {fileID: 403130}
  m_RootOrder: 0
--- !u!95 &9503110
Animator:
  serializedVersion: 3
  m_ObjectHideFlags: 1
  m_PrefabParentObject: {fileID: 0}
  m_PrefabInternal: {fileID: 100100000}
  m_GameObject: {fileID: 103120}
  m_Enabled: 1
  m_Avatar: {fileID: 9000000, guid: 9cfb0bd07becd8140bdba020b05165c0, type: 3}
  m_Controller: {fileID: 9100000, guid: cbadb83e24d966245a35f121b416cba7, type: 2}
  m_CullingMode: 1
  m_UpdateMode: 0
  m_ApplyRootMotion: 1
  m_HasTransformHierarchy: 1
  m_AllowConstantClipSamplingOptimization: 1
--- !u!137 &13703110
SkinnedMeshRenderer:
  m_ObjectHideFlags: 1
  m_PrefabParentObject: {fileID: 0}
  m_PrefabInternal: {fileID: 100100000}
  m_GameObject: {fileID: 103138}
  m_Enabled: 1
  m_CastShadows: 1
  m_ReceiveShadows: 1
  m_LightmapIndex: 255
  m_LightmapTilingOffset: {x: 1, y: 1, z: 0, w: 0}
  m_Materials:
  - {fileID: 2100000, guid: f513ab9bddbf05d4bbf01d40ee148d5f, type: 2}
  m_SubsetIndices: 
  m_StaticBatchRoot: {fileID: 0}
  m_UseLightProbes: 0
  m_LightProbeAnchor: {fileID: 0}
  m_ScaleInLightmap: 1
  m_SortingLayerID: 0
  m_SortingOrder: 0
  serializedVersion: 2
  m_Quality: 0
  m_UpdateWhenOffscreen: 0
  m_Mesh: {fileID: 4300000, guid: 9cfb0bd07becd8140bdba020b05165c0, type: 3}
  m_Bones:
  - {fileID: 403146}
  - {fileID: 403148}
  - {fileID: 403126}
  - {fileID: 403140}
  - {fileID: 403110}
  - {fileID: 403132}
  - {fileID: 403112}
  - {fileID: 403118}
  - {fileID: 403124}
  m_BlendShapeWeights: []
  m_RootBone: {fileID: 403146}
  m_AABB:
    m_Center: {x: -2.32701898, y: .132272601, z: -.689302921}
    m_Extent: {x: 2.33598971, y: 1.54938531, z: 1.08733666}
  m_DirtyAABB: 0
--- !u!137 &13703112
SkinnedMeshRenderer:
  m_ObjectHideFlags: 1
  m_PrefabParentObject: {fileID: 0}
  m_PrefabInternal: {fileID: 100100000}
  m_GameObject: {fileID: 103152}
  m_Enabled: 1
  m_CastShadows: 1
  m_ReceiveShadows: 1
  m_LightmapIndex: 255
  m_LightmapTilingOffset: {x: 1, y: 1, z: 0, w: 0}
  m_Materials:
  - {fileID: 2100000, guid: f513ab9bddbf05d4bbf01d40ee148d5f, type: 2}
  m_SubsetIndices: 
  m_StaticBatchRoot: {fileID: 0}
  m_UseLightProbes: 0
  m_LightProbeAnchor: {fileID: 0}
  m_ScaleInLightmap: 1
  m_SortingLayerID: 0
  m_SortingOrder: 0
  serializedVersion: 2
  m_Quality: 0
  m_UpdateWhenOffscreen: 0
  m_Mesh: {fileID: 4300002, guid: 9cfb0bd07becd8140bdba020b05165c0, type: 3}
  m_Bones:
  - {fileID: 403122}
  - {fileID: 403136}
  - {fileID: 403130}
  - {fileID: 403154}
  - {fileID: 403134}
  - {fileID: 403128}
  - {fileID: 403144}
  - {fileID: 403116}
  - {fileID: 403150}
  m_BlendShapeWeights: []
  m_RootBone: {fileID: 403122}
  m_AABB:
    m_Center: {x: -2.3456049, y: .139079869, z: -.556213379}
    m_Extent: {x: 2.3510294, y: 1.552701, z: 1.00484574}
  m_DirtyAABB: 0
--- !u!1001 &100100000
Prefab:
  m_ObjectHideFlags: 1
  serializedVersion: 2
  m_Modification:
    m_TransformParent: {fileID: 0}
    m_Modifications: []
    m_RemovedComponents: []
  m_ParentPrefab: {fileID: 0}
  m_RootGameObject: {fileID: 103120}
  m_IsPrefabParent: 1
  m_IsExploded: 1
